
@article{b,
	title={探讨计算机科学与技术的跨越式发展},
	author={刘易伦},
	journal={数字通信世界},
	volume={No.160},
	number={4},
	pages={144},
}
@article{a,
	title={《实用密码子》计算机软件分析基因重复测序结果的应用价值探讨},
	author={张炎},
	journal={中国生物工程杂志},
	number={3},
	pages={78-82},
}
@book{f,
	title={计算科学导论},
	author={赵致琢},
	year={1998},
}
@article{c,
	title={科学计算可视化},
	author={唐泽圣},
	journal={中国经济和信息化},
	number={z1},
	pages={5-7},
	year={1996},
}
@inproceedings{e,
	title={Using computational models for development of the three-dimensional visualization in molecular biology},
	author={Muhamedyev, Ravil I. and Daineko, Y. and Bari, D. and Mansharipova, Alma T.},
	booktitle={2014 IEEE 8th International Conference on Application of Information and Communication Technologies (AICT)},
	year={2014},
}
@inproceedings{d,
	title={An Improved Promoter Recognition Model Using Convolutional Neural Network},
	author={Ying, Qian and Yu, Zhang and Guo, Bingyu and Ye, Shasha and Zhang, Jiongmin},
	booktitle={2018 IEEE 42nd Annual Computer Software and Applications Conference (COMPSAC)},
	year={2018},
}